% Encoding: UTF-8

@Book{Zagar,
  author    = {Schrüfer, E. and Reindl, L. and Zagar, B.},
  publisher = {Hanser Fachbuchverlag},
  title     = {Elektrische Messtechnik: Messung elektrischer und nichtelektrischer Größen},
  year      = {2018},
  isbn      = {978-3-446-45654-9},

}


@Comment{jabref-meta: databaseType:bibtex;}

@Comment{jabref-meta: grouping:
0 AllEntriesGroup:;
1 StaticGroup:Metallurgy\;0\;1\;0x4d4d4dff\;\;\;;
1 StaticGroup:Electromagnetic Measurement\;0\;1\;0x1a3399ff\;\;\;;
1 StaticGroup:Effective Medium Approximations\;0\;1\;0x008000ff\;\;\;;
}

@Book{Fiorillo2005,
	author    = {Fiorillo, F. and Mayergoyz, I.D.},
	publisher = {Elsevier Science},
	title     = {Characterization and Measurement of Magnetic Materials},
	year      = {2005},
	isbn      = {9780080528922},
	series    = {Electromagnetism},
	groups    = {Electromagnetic Measurement},
}
