@book{Goodfellow-et-al-2016,
    title={Deep Learning},
    author={Ian Goodfellow and Yoshua Bengio and Aaron Courville},
    publisher={MIT Press},
    note={\url{http://www.deeplearningbook.org}},
    year={2016},
    pages={10}
}
@book{GoodfellowCurseOfDimensionality,
    title={Deep Learning},
    author={Ian Goodfellow and Yoshua Bengio and Aaron Courville},
    publisher={MIT Press},
    note={\url{http://www.deeplearningbook.org}},
    year={2016},
    pages={152}
}

@ARTICLE{nonparametricSVM_Merano,
  author={Maran√≤, Stefano and Gifford, Wesley M. and Wymeersch, Henk and Win, Moe Z.},
  journal={IEEE Journal on Selected Areas in Communications}, 
  title={NLOS identification and mitigation for localization based on UWB experimental data}, 
  year={2010},
  volume={28},
  number={7},
  pages={1026-1035},
  doi={10.1109/JSAC.2010.100907}}
@ARTICLE{CNNLSTM_Jiang,
  author={Jiang, Changhui and Shen, Jichun and Chen, Shuai and Chen, Yuwei and Liu, Di and Bo, Yuming},
  journal={IEEE Communications Letters}, 
  title={UWB NLOS/LOS Classification Using Deep Learning Method}, 
  year={2020},
  volume={24},
  number={10},
  pages={2226-2230},
  doi={10.1109/LCOMM.2020.2999904}}
  
@INPROCEEDINGS{surveyIndoorPositioning,
  author={Mainetti, Luca and Patrono, Luigi and Sergi, Ilaria},
  booktitle={2014 22nd International Conference on Software, Telecommunications and Computer Networks (SoftCOM)}, 
  title={A survey on indoor positioning systems}, 
  year={2014},
  volume={},
  number={},
  pages={111-120},
  doi={10.1109/SOFTCOM.2014.7039067}}
@INPROCEEDINGS{SurveyOpticalIndoorPositioning,
  author={Mautz, Rainer and Tilch, Sebastian},
  booktitle={2011 International Conference on Indoor Positioning and Indoor Navigation}, 
  title={Survey of optical indoor positioning systems}, 
  year={2011},
  volume={},
  number={},
  pages={1-7},
  doi={10.1109/IPIN.2011.6071925}}
  
@misc{SelectiveAvailability,
    author = "{National Coordination Office for Space-Based Positioning, Navigation, and Timing}",
    title = "Selective Availability ",
    year = "2021",
    url = "https://www.gps.gov/systems/gps/modernization/sa/",
    note = "[Online; accessed 4-November-2021]"
}
@article{scikit-learn,
 title={Scikit-learn: Machine Learning in {P}ython},
 author={Pedregosa, F. and Varoquaux, G. and Gramfort, A. and Michel, V.
         and Thirion, B. and Grisel, O. and Blondel, M. and Prettenhofer, P.
         and Weiss, R. and Dubourg, V. and Vanderplas, J. and Passos, A. and
         Cournapeau, D. and Brucher, M. and Perrot, M. and Duchesnay, E.},
 journal={Journal of Machine Learning Research},
 volume={12},
 pages={2825--2830},
 year={2011}
}	
@misc{chollet2015keras,
  title={Keras},
  author={Chollet, Fran\c{c}ois and others},
  year={2015},
  howpublished={\url{https://keras.io}},
}
@inproceedings{Bishop1994MDN,
  title={Mixture density networks},
  author={Christopher M. Bishop},
  year={1994},
  pages = {2-3}
}
@inproceedings{Guillaumes2017MDN,
  title={Mixture density networks for distribution and uncertainty estimation},
  author={Axel Brando Guillaumes},
  year={2017}
}
@Manual{DWR_Errors,
  title        = {SOURCES OF ERROR IN DW1000 BASED TWO-WAY RANGING (TWR) SCHEMES},
  year         = {2014},
  note         = {APS011},
  organization = {DecaWave Limited},
  url          = {https://www.decawave.com/sites/default/files/resources/aps011_sources_of_error_in_twr.pdf}
}
@article{heffner2007hearing,
  title={Hearing ranges of laboratory animals},
  author={Heffner, Henry E and Heffner, Rickye S},
  journal={Journal of the American Association for Laboratory Animal Science},
  volume={46},
  number={1},
  pages={20--22},
  year={2007},
  publisher={American Association for Laboratory Animal Science}
}

@ARTICLE{IEEEstandard,
  author={},
  journal={IEEE Std 802.15.4-2020 (Revision of IEEE Std 802.15.4-2015)}, 
  title={IEEE Standard for Low-Rate Wireless Networks}, 
  year={2020},
  volume={},
  number={},
  pages={1-800},
  doi={10.1109/IEEESTD.2020.9144691}}
@INPROCEEDINGS{AlternativeTWR,
  author={Neirynck, Dries and Luk, Eric and McLaughlin, Michael},
  booktitle={2016 13th Workshop on Positioning, Navigation and Communications (WPNC)}, 
  title={An alternative double-sided two-way ranging method}, 
  year={2016},
  volume={},
  number={},
  pages={1-4},
  doi={10.1109/WPNC.2016.7822844}}
@Manual{userManual,
  title        = {HOW TO USE, CONFIGURE AND PROGRAM THE DW1000 UWB TRANSCEIVER},
  year         = {2017},
  note         = {DW1000 USER MANUAL},
  organization = {DecaWave Limited},
  url          = {https://www.decawave.com/sites/default/files/resources/dw1000_user_manual_2.11.pdf}
}
@Manual{appNoteAttenuationHuman,
  title        = {CHANNEL EFFECTS ON COMMUNICATIONS RANGE AND TIME STAMP ACCURACY IN DW1000 BASED SYSTEMS},
  year         = {2014},
  note         = {APS006 APPLICATION NOTE},
  organization = {DecaWave Limited},
  url          = {https://www.decawave.com/wp-content/uploads/2018/10/APS006_Part-1-Channel-Effects-on-Range-Accuracy_v1.03.pdf}
}

@Manual{appNoteFeatures,
  title        = {DW1000 Metrics for Estimation of Non Line Of Sight Operating Conditions},
  year         = {2016},
  note         = {APS006 PART 3 APPLICATION NOTE},
  organization = {DecaWave Limited},
  url          = {https://www.decawave.com/wp-content/uploads/2018/10/APS006_Part-3-DW1000-Diagnostics-for-NLOS-Channels_v1.1.pdf}
}
@Manual{TCXOStability,
  title        = {Fundamentals  of
Quartz  Oscillators},
  year         = {1997},
  note         = {Application  Note  200-2},
  organization = {Hewlett-Packard  Company},
  url          = {http://leapsecond.com/hpan/an200-2.pdf}
}

@book{kay1993fundamentals,
  title={Fundamentals of statistical signal processing:},
  subtitle = {Estimation Theory},
  author={Kay, Steven M},
  year={1993},
  publisher={Prentice-Hall, Inc.},
  pages = {255},
}

@INPROCEEDINGS{QiangCIRFeatures,
  author={Zhang, Qiang and Zhao, Dengkang and Zuo, Shaojun and Zhang, Tingting and Ma, Dan},
  booktitle={2015 IEEE/CIC International Conference on Communications in China (ICCC)}, 
  title={A low complexity NLOS error mitigation method in UWB localization}, 
  year={2015},
  volume={},
  number={},
  pages={1-5},
  doi={10.1109/ICCChina.2015.7448714}}

@ARTICLE{weakNLOSKim,
  author={Kim, Dae-Ho and Pyun, Jae-Young},
  journal={IEEE Access}, 
  title={NLOS Identification Based UWB and PDR Hybrid Positioning System}, 
  year={2021},
  volume={9},
  number={},
  pages={102917-102929},
  doi={10.1109/ACCESS.2021.3098416}}










